% Encoding: UTF-8

@Article{inBin,
  author        = {Emmerich, J. and Roidl, M. and Bich, T. and ten Hompel, M.},
  title         = {{E}ntwicklung von energieautarken, intelligenten {L}adehilfen am {B}eispiel des inBin},
  journal       = {Logistics Journal},
  year          = {2012},
  __markedentry = {[Jens:6]},
}

@InProceedings{inBinTestbed,
  author        = {M. Roidl and J. Emmerich and A. Riesner and M. Masoudinejad and D. Kaulbars and C. Ide and C. Wietfeld and M. T. Hompel},
  title         = {Performance Availability Evaluation of Smart Devices in Materials Handling Systems},
  booktitle     = {2014 IEEE/CIC International Conference on Communications in China - Workshops (CIC/ICCC)},
  year          = {2014},
  __markedentry = {[Jens:6]},
}

@Article{GreenOrbs,
  author        = {Y. Liu and Y. He and M. Li and J. Wang and K. Liu and X. Li},
  title         = {Does Wireless Sensor Network Scale? A Measurement Study on GreenOrbs},
  journal       = {IEEE Transactions on Parallel and Distributed Systems},
  year          = {2013},
  __markedentry = {[Jens:6]},
}

@InProceedings{aloha,
  author        = {N. Abramson},
  title         = {The ALOHA system: another alternative for computer communication},
  booktitle     = {Proceedings of the November 17-19, 1970, Fall Joint Computer Conference},
  year          = {1970},
  __markedentry = {[Jens:6]},
}

@InProceedings{xmac,
  author        = {P. Nguyen and M. Schappacher and A. Sikora and V. F. Groza},
  title         = {Extensions of the IEEE802.15.4 Protocol for Ultra-Low Energy Real-Time Communication},
  booktitle     = {2016 IEEE International Instrumentation and Measurement Technology Conference Proceedings},
  year          = {2016},
  __markedentry = {[Jens:6]},
}

@InProceedings{model,
  author        = {M. Kirsche and M. Schnurbusch},
  title         = {A New IEEE 802.15.4 Simulation Model for OMNET++ / INET},
  booktitle     = {Proc. of 1st OMNeT++ Community Summit},
  year          = {2014},
  __markedentry = {[Jens:6]},
}

@Manual{ieee,
  author        = {IEEE Computer Society},
  title         = {IEEE Standard for Low-Rate Wireless Networks},
  year          = {2015},
  __markedentry = {[Jens:6]},
}

@Manual{lbt,
  author        = {ETSI European Standard},
  title         = {ETSI EN 300 220-1: Electromagnetic compatibility and Radio spectrum Matters (ERM); Short Range Devices (SRD); Radio equipment to be used in the 25 MHz to 1 000 MHz frequency range with power levels ranging up to 500 mW; Part 1: Technical characteristics and test methods},
  year          = {2012},
  edition       = {V2.4.1},
  __markedentry = {[Jens:6]},
}

@Manual{CC1200data,
  author        = {Texas Instruments},
  title         = {CC1200Low-Power, High-Performance RF Transceiver},
  year          = {2014},
  edition       = {SWRS123D},
  note          = {Rev. D},
  __markedentry = {[Jens:6]},
}

@Manual{CC1200guide,
  author        = {Texas Instruments},
  title         = {CC120X Low-Power High Performance Sub-1 GHz RF Transceivers Userâ€™s Guide},
  year          = {2013},
  edition       = {SWRU346B},
  note          = {Rev. B},
  __markedentry = {[Jens:6]},
}

@Online{tinyOS,
  author        = {Stanford Information Networks Group},
  title         = {TinyOS Documentation Wiki - CC2420 Layer Descriptions},
  year          = {2009},
  url           = {http://tinyos.stanford.edu/tinyos-wiki/index.php/CC2420_Layer_Descriptions},
  __markedentry = {[Jens:6]},
}

@Conference{Motelab,
  author    = {G. Werner-Allen and P. Swieskowski and M. Welsh},
  title     = {Motelab: A Wireless Sensor Network Testbed},
  booktitle = {IPSN},
  year      = {2005},
}

@Online{VineLab,
  author = {Univ. of VA},
  title  = {VineLab Wireless Testbed},
  year   = {2009},
  url    = {http://www.cs.virginia.edu/~whitehouse/research/testbed/},
}

@Article{Kansei,
  author  = {A. Arora and E. Ertin and R. Ramnath and M. Nesterenko and W. Leal},
  title   = {Kansei: a high-fidelity sensing testbed},
  journal = {IEEE Internet Computing},
  year    = {2006},
  volume  = {10},
  number  = {2},
  month   = {March},
  pages   = {35-47},
}

@Conference{WISEBED,
  author    = {I. Chatzigiannakis and S. Fischer and C. Koninis and G. Mylonas and D. Pfisterer},
  title     = {WISEBED: An Open Large-Scale Wireless Sensor Network Testbed},
  booktitle = {Sensor Applications, Experimentation, and Logistics},
  year      = {2010},
}

@Online{senseLAB,
  author = {senseLAB},
  title  = {Very Large Scale Open Wireless Sensor Network Testbed},
  year   = {2010},
  url    = {http://www.senselab.info},
}

@InProceedings{SensLAB,
  author    = {C. Burin Des Rosiers and G. Chelius and E. Fleury and A. Fraboulet and A. Gallais and other},
  title     = {SensLAB Very Large Scale Open Wireless Sensor Network Testbed},
  booktitle = {Proc. 7th International ICST Conference on Testbeds and Research Infrastructures for the Development of Networks and Communities},
  year      = {2011},
}

@Misc{CitySense,
  author = {J. Bers and A. Gosain and I. Rose and M. Welsh},
  title  = {CitySense: The Design and Performance of an Urban Wireless Sensor Network Testbed},
  year   = {2010},
}

@InProceedings{OuluSmart,
  author    = {T. Ojala},
  title     = {Open Urban Testbed for Ubiquitous Computing},
  booktitle = {2010 International Conference on Communications and Mobile Computing},
  year      = {2010},
  volume    = {1},
  month     = {April},
  pages     = {442-447},
}

@InProceedings{FlockLab,
  author    = {J. Beutel and R. Lim and A. Meier and L. Thiele and C. Walser and M. Woehrle and M. Yuecel},
  title     = {The FlockLab testbed architecture},
  booktitle = {Proceedings of the 7th International Conference on Embedded Networked Sensor Systems},
  year      = {2009},
}

@InProceedings{CTP,
  author    = {Omprakash Gnawali and Rodrigo Fonseca and Kyle Jamieson and Maria Kazandjieva and David Moss and Philip Levis},
  title     = {{CTP: An Efficient, Robust, and Reliable Collection Tree Protocol for Wireless Sensor Networks}},
  booktitle = {{ACM Transactions on Sensor Networks (TOSN)}},
  year      = {2013},
  month     = {November},
}

@Article{topology,
  author  = {T. M. Chiwewe and G. P. Hancke},
  title   = {A Distributed Topology Control Technique for Low Interference and Energy Efficiency in Wireless Sensor Networks},
  journal = {IEEE Transactions on Industrial Informatics},
  year    = {2012},
  volume  = {8},
  number  = {1},
  month   = {Feb},
  pages   = {11-19},
}

@InProceedings{oldmodel,
  author    = {F. Chen and F. Dressler},
  title     = {A Simulation Model of IEEE 802.15.4 in OMNet++},
  booktitle = {6. GI/ITG KuVS Fachgespräche Drahtlose Sensornetze, Poster Session},
  year      = {2007},
}

@InProceedings{batterymodel,
  author    = {L. M. Feeney},
  title     = {Towards a better battery model for INET},
  booktitle = {Proceedings of the OMNet++ Community Summit 2016},
  year      = {2016},
}

@InProceedings{Falkenberg2017b,
  author           = {R. Falkenberg and M. Masoudinejad and M. Buschhoff and A. K. R. Venkatapathy and D. Friesel and M. ten Hompel and O. Spinczyk and C. Wietfeld},
  title            = {PhyNetLab: An IoT-Based Warehouse Testbed},
  booktitle        = {2017 Federated Conference on Computer Science and Information Systems (FedCSIS)},
  year             = {2017},
  month            = {sep},
  url              = {https://arxiv.org/abs/1706.09219},
  address          = {Prague, Czech Republic},
  authorsversion   = {https://www.kn.e-technik.tu-dortmund.de/.cni-bibliography/publications/cni-publications/Falkenberg2017b.pdf},
  project          = {SFB876-A4},
  publishingstatus = {accepted for presentation},
}

@Article{survey,
  author  = {A. Gluhak and S. Krco and M. Nati and D. Pfisterer and N. Mitton and T. Razafindralambo},
  title   = {A survey on facilities for experimental internet of things research},
  journal = {IEEE Communications Magazine},
  year    = {2011},
  volume  = {49},
  number  = {11},
  month   = {November},
  pages   = {58-67},
}

@Online{epc,
  author = {Global Standards One GS1},
  title  = {EPC Tag Data Standard},
  year   = {2017},
  url    = {https://www.gs1.org/sites/default/files/docs/epc/GS1_EPC_TDS_i1_10.pdf},
}

@Online{ISMBand,
  author = {Bundesnetzargentur},
  title  = {Funkanwendungen auf den ISM-Bändern},
  year   = {2015},
  url    = {http://emf3.bundesnetzagentur.de/pdf/ISM-BNetzA.pdf},
}

@Manual{MSPdata,
  author = {Texas Instruments},
  title  = {MSP430FR59xx Mixed-Signal Microcontrollers},
  year   = {2017},
}

@Comment{jabref-meta: databaseType:biblatex;}
